@Misc{slurm,
  author = {U. Wilensky},
  title = {NetLogo},
  howpublished = {\url{http://ccl.northwestern.edu/netlogo/}.
             Center for Connected Learning and Computer-Based Modeling,
             Northwestern University, Evanston, IL},
  year = {1999},
}
